@ARTICLE{shenNbildsten,
       author = {{Shen}, Ken J. and {Bildsten}, Lars},
        title = "{Unstable Helium Shell Burning on Accreting White Dwarfs}",
      journal = {\apj},
     keywords = {binaries: close, novae, cataclysmic variables, supernovae: general, white dwarfs, Astrophysics - High Energy Astrophysical Phenomena, Astrophysics - Cosmology and Extragalactic Astrophysics},
         year = "2009",
        month = "Jul",
       volume = {699},
       number = {2},
        pages = {1365-1373},
          doi = {10.1088/0004-637X/699/2/1365},
archivePrefix = {arXiv},
       eprint = {0903.0654},
 primaryClass = {astro-ph.HE},
       adsurl = {https://ui.adsabs.harvard.edu/abs/2009ApJ...699.1365S},
      adsnote = {Provided by the SAO/NASA Astrophysics Data System}
}

@ARTICLE{pynucastro,
       author = {{Willcox}, Donald E. and {Zingale}, Michael},
        title = "{pynucastro: an interface to nuclear reaction rates and code generator for reaction network equations}",
      journal = {arXiv e-prints},
     keywords = {Astrophysics - Instrumentation and Methods for Astrophysics},
         year = "2018",
        month = "Mar",
          eid = {arXiv:1803.08920},
        pages = {arXiv:1803.08920},
archivePrefix = {arXiv},
       eprint = {1803.08920},
 primaryClass = {astro-ph.IM},
       adsurl = {https://ui.adsabs.harvard.edu/abs/2018arXiv180308920W},
      adsnote = {Provided by the SAO/NASA Astrophysics Data System}
}

@misc{AMREXcodes,
  author       = {the AMReX Development Team and
                  Almgren, Ann and
                  Beckner, Vince and
                  Blaschke, Johannes and
                  Chan, Cy and
                  Day, Marcus and
                  Friesen, Brian and
                  Gott, Kevin and
                  Graves, Daniel and
                  Katz, Maximilian and
                  Myers, Andrew and
                  Nguyen, Tan and
                  Nonaka, Andrew and
                  Rosso, Michele and
                  Williams, Sam and
                  Zhang, Weiqun and
                  Zingale, Michael},
  title        = {AMReX-Codes/amrex: AMReX 19.05.1},
  month        = may,
  year         = 2019,
  doi          = {10.5281/zenodo.2754709},
  url          = {https://doi.org/10.5281/zenodo.2754709}
}

@misc{castro,
  author       = {the Castro Development Team and
                  Almgren, Ann and
                  Barrios Sazo, Maria and
                  Bell, John and
                  Harpole, Alice and
                  Katz, Maximilian and
                  Willcox, Donald and
                  Zhang, Weiqun and
                  Zingale, Michael},
  title        = {AMReX-Astro/Castro: Castro 19.05},
  month        = may,
  year         = 2019,
  doi          = {10.5281/zenodo.2656472},
  url          = {https://doi.org/10.5281/zenodo.2656472}
}

@misc{Microphysics,
  author       = {the StarKiller Microphysics Development Team and
                  Bishop, Abigail and
                  Fields, Carl E. and
                  Jacobs, Adam M. and
                  Katz, Maximilian and
                  Li, Xinlong and
                  Malone, Chris and
                  Timmes, Frank and
                  Willcox, Donald and
                  Zingale, Michael},
  title        = {starkiller-astro/Microphysics: Microphysics 19.05},
  month        = may,
  year         = 2019,
  doi          = {10.5281/zenodo.2656476},
  url          = {https://doi.org/10.5281/zenodo.2656476}
}

@misc{timmes,
  author = {Timmes, Frank X.},
  title  = {Nuclear Reaction Networks},
  year = 2019,
  url    = {http://cococubed.asu.edu/code_pages/burn.shtml}
}